@article{cock2010sanger,
  title={The Sanger FASTQ file format for sequences with quality scores, and the Solexa/Illumina FASTQ variants},
  author={Cock, Peter JA and Fields, Christopher J and Goto, Naohisa and Heuer, Michael L and Rice, Peter M},
  journal={Nucleic acids research},
  volume={38},
  number={6},
  pages={1767--1771},
  year={2010},
  publisher={Oxford University Press}
}

@article{peterlongo2017discosnp++,
  title={DiscoSnp++: de novo detection of small variants from raw unassembled read set (s)},
  author={Peterlongo, Pierre and Riou, Chloe and Drezen, Erwan and Lemaitre, Claire},
  journal={BioRxiv},
  pages={209965},
  year={2017},
  publisher={Cold Spring Harbor Laboratory}
}

@article{chikhi2013space,
  title={Space-efficient and exact de Bruijn graph representation based on a Bloom filter},
  author={Chikhi, Rayan and Rizk, Guillaume},
  journal={Algorithms for Molecular Biology},
  volume={8},
  number={1},
  pages={22},
  year={2013},
  publisher={Springer}
}

@article{drezen2014gatb,
  title={GATB: genome assembly \& analysis tool box},
  author={Drezen, Erwan and Rizk, Guillaume and Chikhi, Rayan and Deltel, Charles and Lemaitre, Claire and Peterlongo, Pierre and Lavenier, Dominique},
  journal={Bioinformatics},
  volume={30},
  number={20},
  pages={2959--2961},
  year={2014},
  publisher={Oxford University Press}
}

@article{uricaru2015reference,
  title={Reference-free detection of isolated SNPs},
  author={Uricaru, Raluca and Rizk, Guillaume and Lacroix, Vincent and Quillery, Elsa and Plantard, Olivier and Chikhi, Rayan and Lemaitre, Claire and Peterlongo, Pierre},
  journal={Nucleic acids research},
  volume={43},
  number={2},
  pages={e11--e11},
  year={2015},
  publisher={Oxford University Press}
}
